2419 3595
1127 76 1229 141 14

133 191 269 254 stici
337 187 692 253 diadematis
753 186 947 251 otiosa
1010 183 1430 250 delitesceret.
1498 177 2057 263 Quemadmodum
2114 203 2214 243 so-

134 318 292 393 lem,
350 339 528 407 atque
584 338 738 380 astra
783 337 912 378 non
960 337 1033 376 eo
1080 313 1422 401 descripta,
1477 336 1540 374 ac
1593 310 1885 401 disposita
1937 331 2214 373 summus

132 469 331 510 rerum
389 441 625 534 Opifex
679 446 742 507 in
807 442 972 506 caelo
1028 464 1157 504 esse
1202 438 1435 516 voluit,
1491 461 1557 504 ut
1606 434 1721 503 sibi
1781 459 2017 503 tanturn
2072 438 2219 526 ipsis

134 571 512 649 colluceant,
596 569 701 633 sed
747 570 1046 642 maxime,
1110 589 1176 629 ut
1221 563 1550 654 splendore
1593 587 2039 657 quaquaversus
2094 555 2220 625 dif-

132 695 275 765 fuso
346 695 622 764 tenebras
687 695 1096 780 subjectorum
1170 690 1410 757 orbium
1467 693 1839 774 discutiant3
1903 696 1983 758 ita
2028 716 2219 785 quum

133 827 296 892 idem
349 851 420 891 ex
471 821 846 889 inexhaustis
903 821 1020 886 illis
1075 824 1196 886 suis
1252 819 1544 886 thesauris
1611 823 1826 886 eximia
1879 820 2218 912 quaedam,

131 980 197 1019 ac
237 953 565 1045 singularia
620 948 915 1016 beneficia
966 951 1032 1014 in
1082 974 1453 1041 quemquam
1510 945 1793 1028 confert,
1859 975 1986 1014 non
2031 951 2217 1041 ipsius

133 1080 366 1158 mod0,
425 1081 492 1145 in
554 1102 737 1170 quem
782 1077 884 1142 illa
926 1074 1213 1156 confert,
1287 1078 1393 1142 sed
1455 1081 1678 1157 etiam,
1743 1104 1808 1143 ac
1870 1082 2079 1144 nescio
2142 1102 2218 1143 an

133 1211 322 1298 magis
402 1231 611 1273 eorum
674 1205 1074 1296 plurimorum
1153 1202 1487 1270 rationibus
1561 1204 1800 1270 videtur
1860 1206 2220 1282 consulere,

131 1340 237 1430 qui
281 1342 406 1422 ejus
443 1337 621 1400 unius
663 1357 777 1424 ope
810 1332 881 1396 ad
930 1330 1117 1411 bene,
1163 1329 1456 1423 beateque
1506 1331 1836 1397 vivendum
1883 1332 2220 1423 perducen-

133 1469 195 1535 di
239 1488 418 1532 sunt.
470 1460 788 1552 Ampliora
832 1461 1055 1550 igitur,
1109 1481 1166 1525 et
1201 1456 1558 1524 sublimiora
1606 1483 1772 1526 erant
1814 1458 1935 1525 Dei
1972 1458 2222 1552 Optimi

135 1594 402 1663 Maximi
454 1591 528 1655 de
580 1587 1091 1657 LUDOVICO
1155 1590 1455 1669 consilia,
1512 1614 1694 1682 quam
1754 1613 1820 1655 ut
1877 1588 2106 1652 diutius
2158 1591 2220 1652 in

135 1727 337 1789 alieno
384 1722 659 1813 quamvis
719 1718 1059 1784 domestico
1111 1743 1301 1810 regno
1347 1741 1726 1796 versaretur,
1782 1719 1887 1810 qui
1946 1718 2222 1783 animum

137 1852 210 1918 ad
266 1849 650 1944 regnandum
704 1849 966 1913 omnino
1011 1870 1219 1912 natum
1274 1873 1304 1911 a
1348 1869 1557 1911 natura
1605 1848 1768 1937 ipsa,
1837 1844 1984 1911 dum
2032 1852 2223 1914 orire-

133 2000 229 2042 tur
261 1997 596 2067 acceperat.
650 1973 857 2069 Itaque
893 1973 1362 2040 humanissimae
1388 2028 1402 2053 ,
1449 1975 1939 2070 cultissimaeque
1982 1978 2218 2045 Hetru-

129 2131 262 2175 scae
317 2105 606 2171 Nationis
666 2103 801 2171 Rex
865 2108 1233 2171 constitutus
1283 2130 1404 2169 una
1436 2129 1575 2170 cum
1635 2103 1917 2197 Augusta
1971 2104 2217 2190 Conju-

133 2258 245 2324 ge,
287 2257 345 2300 et
384 2234 539 2300 Filio
582 2260 932 2327 supremum
977 2239 1148 2326 regni
1193 2234 1674 2328 gubernaculum
1721 2259 2107 2328 suscepturus
2152 2239 2216 2301 in

136 2361 368 2430 Italiam
406 2386 672 2427 reversus
718 2386 842 2428 est.
887 2360 1049 2445 Quo
1072 2388 1216 2428 sane
1249 2369 1465 2432 itinere
1506 2369 1743 2458 magnis
1786 2365 2069 2431 eumdem
2109 2363 2220 2428 ho-

139 2486 386 2555 noribus
424 2512 560 2553 cum
602 2513 817 2554 omnes
864 2495 1218 2581 prosequuti
1266 2516 1445 2570 sunt,
1500 2517 1629 2558 tum
1678 2493 1939 2582 inclytus
1975 2493 2221 2582 potissi-

134 2643 338 2696 mum,
372 2642 430 2685 et
462 2619 820 2684 clarissimus
856 2617 1209 2686 Gallicanae
1244 2618 1642 2712 Reipublicae
1677 2618 1920 2687 Consul
1954 2618 2214 2702 Primus»,

137 2748 239 2835 qui
268 2768 326 2810 et
358 2744 787 2812 advenientem
844 2751 1198 2816 suavissime
1230 2753 1496 2841 excepit,
1558 2775 1616 2817 et
1662 2750 1902 2817 Parisiis
1944 2753 2221 2847 aliquan-

137 2876 318 2962 tispet
375 2896 862 2938 commorantem
909 2871 1310 2941 nobilissimis
1351 2875 1563 2942 officiis
1602 2878 1950 2970 complexus
2001 2904 2123 2947 est.

277 2997 348 3062 In
405 3023 597 3091 regno
652 3024 849 3066 autem
910 3025 1021 3066 suo
1081 3003 1602 3094 quemadmodum
1661 3029 1923 3073 versatus
1981 3011 2061 3072 sit
2121 3011 2218 3072 ni-

137 3119 224 3188 hil
277 3126 458 3207 dico,
525 3154 663 3196 cum
715 3132 777 3197 id
842 3134 906 3198 in
952 3134 1313 3199 memoriam
1370 3158 1650 3200 revocare
1707 3136 1848 3199 satis
1910 3136 2030 3213 sit,
2085 3161 2214 3203 eam
