2419 3595
1254 63 1349 128 13

261 183 400 252 prae
431 158 550 224 illis
584 158 783 225 multo
828 160 1246 251 gravioribtm,
1293 193 1361 233 ac
1403 174 1942 260 praestantioribus
1974 231 1992 260 ,
2028 208 2182 276 quae
2226 185 2340 256 ho·-

259 289 493 352 minem
537 312 666 353 non
714 288 905 354 modo
949 294 1286 376 jucundum
1313 350 1331 376 ,
1373 300 1479 366 sed
1518 327 1577 367 et
1628 307 1945 394 perutilem
1997 311 2335 394 omnibus,

257 441 324 479 ac
373 417 634 479 maxime
677 415 998 482 salutarem
1059 419 1437 493 efficiebant.
1491 426 1749 512 Quibus
1813 460 1956 502 sane
2008 440 2333 510 virtutibus

256 546 375 625 jam
410 545 473 607 in
534 542 921 611 adolescente
981 552 1260 616 maximis
1308 557 1657 646 capiendiS,
1710 585 1902 651 quum
1956 568 2128 657 patrii
2182 568 2333 638 fines

255 670 499 760 angusti
558 671 950 753 viderentur,
1020 700 1151 742 non
1206 682 1339 746 sine
1398 682 1612 750 divino
1665 690 1930 757 consilio
1981 695 2055 760 ad
2116 696 2334 793 Augu-

256 823 417 865 stum
472 798 767 866 Patruurn
821 800 1185 871 CAROLUM
1221 805 1336 875 IV.
1395 810 1636 904 Regem
1689 814 2134 902 Catholicurn,
2199 826 2335 894 Au-

255 953 619 1022 gustamque
660 928 939 997 Amitam
992 930 1375 1002 ALOYSIAM
1424 939 1739 1008 MARIAM
1789 945 2159 1016 TEREsmM
2203 954 2336 1024 Re-

254 1059 461 1149 ginam
507 1059 570 1122 in
621 1057 950 1152 Hispanias
996 1087 1059 1128 se
1105 1064 1407 1132 contulit.

397 1187 704 1280 Magnum
761 1191 910 1257 illud
956 1219 1141 1274 sane,
1199 1218 1260 1261 et
1308 1196 1755 1288 amplissimum
1807 1206 2073 1270 omnino
2136 1210 2331 1302 impe-

252 1315 405 1378 rium
453 1338 583 1394 est,
630 1319 711 1382 ita
755 1342 824 1385 ut
867 1322 915 1385 is
960 1319 1297 1402 Oceanus,
1346 1328 1452 1417 qui
1498 1349 1681 1393 terras
1724 1356 1940 1397 omnes
1989 1358 2163 1400 antea
2208 1339 2329 1402 cir-

246 1442 651 1511 cumscribere
703 1444 1062 1538 putabatur,
1108 1448 1183 1516 ab
1248 1449 1366 1517 hoc
1397 1478 1587 1546 regno
1637 1459 1926 1550 utrinque
1967 1461 2328 1528 conclusum

247 1567 510 1636 duorum
555 1577 961 1640 maximorum
1006 1573 1249 1642 orbium
1295 1586 1733 1665 conjunctione
1781 1590 2186 1672 terminetur3
2238 1616 2329 1658 at-

245 1724 365 1792 que
407 1702 521 1765 iste
559 1701 691 1780 sol,
739 1704 846 1794 qui
889 1705 1242 1770 universum
1283 1705 1429 1771 caeli
1476 1706 1772 1776 ambitum
1811 1713 2027 1781 diurna
2067 1743 2328 1785 conver-

240 1831 416 1895 sione
464 1829 931 1922 complectitur,
977 1834 1134 1899 intra
1174 1834 1443 1919 ejusdem
1486 1842 1657 1928 regni
1708 1837 1860 1907 fines
1888 1866 1948 1910 et
1979 1847 2209 1912 oriatur
2248 1851 2329 1915 si-

243 1956 410 2034 mul,
457 1980 518 2022 et
556 1956 826 2025 occidat.
882 1959 1055 2026 Haec
1100 1959 1610 2033 LUDOVICO
1658 1972 1993 2054 juventutis
2034 1973 2325 2065 palaestra

239 2081 509 2176 obtigit,
579 2084 698 2152 hoc
751 2093 878 2174 ejus
937 2092 1125 2155 virtus
1175 2090 1517 2171 theatrum,
1572 2118 1630 2159 et
1657 2095 1845 2161 veluti
1894 2123 2224 2191 campum,
2259 2108 2324 2172 in

240 2235 368 2304 quo
394 2237 454 2277 se
478 2215 867 2297 ostenderet,
916 2242 1088 2285 nacta
1128 2244 1256 2288 est.
1299 2219 1370 2286 In
1417 2248 1541 2314 quo
1586 2225 1835 2315 quidem
1881 2230 1961 2293 ita
2003 2255 2062 2295 se
2094 2236 2322 2322 gessit,

240 2339 513 2436 adeoque
545 2370 608 2410 se
639 2345 969 2428 omnibu3,
1010 2351 1072 2413 in
1118 2351 1328 2440 primis
1367 2376 1568 2418 autem
1611 2353 1836 2420 Patruo
1867 2382 1978 2423 suo
2013 2356 2320 2426 CAROLO

237 2468 559 2560 probavit,
634 2498 701 2540 ut
746 2501 870 2567 quo
910 2479 1131 2542 arctior
1175 2479 1334 2543 inter
1377 2503 1481 2544 eos
1509 2531 1526 2557 ,
1569 2484 1933 2574 suaviorque
1975 2510 2044 2548 ex
2093 2485 2321 2577 duplici

239 2603 658 2689 cognationis,
702 2627 883 2695 atque
923 2603 1225 2672 affinitatis
1269 2610 1519 2675 vinculo
1557 2618 1915 2696 conjunctio
1950 2613 2318 2694 efficeretur,

236 2752 403 2796 suam
452 2735 639 2824 ipsam
689 2738 754 2800 in
803 2739 1266 2803 matrimonium
1315 2738 1566 2818 Filiam,
1612 2766 1677 2805 ac
1718 2741 1957 2806 delicias
1999 2740 2316 2808 MAR1AM

239 2853 622 2924 ALOYSIAM
689 2859 1053 2929 Catholicus
1099 2862 1236 2930 Rex
1279 2865 1476 2931 eidem
1532 2893 1906 2958 peramanter
1960 2870 2314 2937 collocarit.

378 2986 498 3054 Sed
544 2988 661 3057 hoc
723 2995 981 3059 minime
1022 3017 1284 3086 aequum
1329 2992 1688 3074 videbatur,
1743 3020 1809 3061 ut
1859 3019 2024 3063 tanta
2071 3021 2312 3063 morum

232 3118 538 3196 suavitas,
605 3143 770 3186 tanta
826 3122 1068 3213 ingenii
1124 3117 1382 3190 facilitas
1427 3120 1542 3189 sub
1595 3120 1809 3190 umbra
1857 3122 2044 3189 veluti
2098 3123 2313 3190 dome-
