2419 3595
1145 87 1232 130 10

153 192 506 287 profitemur
562 192 805 258 divinae
867 189 1050 271 fidei,
1109 218 1176 256 ac
1238 191 1553 257 doctrinae
1605 217 1674 256 ea
1725 193 1803 259 sit
1855 193 1985 271 viS,
2047 212 2228 282 atque

151 320 510 402 efficacitaS,
571 347 635 389 ut
681 327 745 389 in
790 322 1004 390 funere
1058 325 1505 400 maximorum,
1557 344 1617 386 et
1679 320 2226 385 innocentissimo-

147 478 278 516 rum
331 450 653 518 hominum
699 476 864 542 spem
915 451 1115 540 potius
1154 449 1229 512 de
1278 473 1436 512 nova
1481 450 1752 538 ipsorum
1794 444 2080 511 beatitate
2128 441 2228 509 fo-

146 580 450 656 vendam,
504 602 685 669 quam
740 599 949 640 nostro
994 574 1296 639 desiderio
1347 573 1796 665 indulgendum
1854 575 2223 654 admoneat,

148 728 274 770 non
319 702 517 767 solum
566 702 716 767 mihi
743 703 815 767 de
842 704 1020 793 regiis
1061 700 1336 768 laudibus
1377 701 1746 781 dicendum,
1794 728 2002 768 verum
2044 702 2221 765 etiam

146 833 224 894 ita
270 830 597 895 dicendum
652 831 900 920 putavi,
955 852 1021 894 ut
1066 831 1341 894 oratione
1388 854 1522 893 mea
1567 831 1929 894 sustinerem
1978 830 2221 920 potiuS,

147 985 327 1051 quam
386 956 756 1021 inflecterem
812 957 1219 1019 constantiam
1266 957 1587 1033 omnium,
1643 980 1701 1021 et
1758 957 2047 1045 lacrymas
2082 955 2221 1019 abs-

145 1109 438 1174 tergerem
487 1087 684 1176 potius
714 1136 730 1162 ,
784 1107 966 1174 quam
1014 1085 1367 1148 excitarem.
1454 1078 1656 1164 Quod
1701 1086 1868 1148 enim
1919 1081 2223 1149 LUDO-

140 1208 415 1277 VICUS
473 1237 582 1276 nos
647 1211 994 1303 reliquerit,
1056 1215 1481 1303 gravissimum
1545 1209 1830 1305 profecto
1882 1210 2218 1293 omnibuS,

142 1339 248 1403 sed
304 1339 361 1403 id
420 1363 624 1404 tamen
680 1338 940 1417 accidit,
993 1340 1160 1431 quod
1221 1338 1354 1432 lege
1399 1345 1759 1421 communi,
1822 1369 1888 1408 ac
1943 1368 2218 1410 necessa-

140 1466 222 1532 ria
269 1465 600 1558 aliquando
653 1463 781 1531 fieri
829 1470 1246 1558 oportuisset,
1289 1473 1350 1536 in
1408 1497 1533 1564 quo
1583 1499 1720 1538 sane
1772 1475 1878 1565 qui
1918 1497 1981 1537 se
2026 1474 2222 1562 impa-

140 1597 387 1660 tientius
449 1589 694 1672 efferat,
753 1619 864 1659 nae
909 1596 1010 1660 ille
1068 1596 1218 1662 mihi
1281 1599 1670 1666 stultissimus
1736 1602 2045 1678 videatur,
2118 1603 2224 1693 qui

137 1726 479 1787 constituto
518 1748 761 1789 naturae
802 1724 1005 1790 ordini
1048 1727 1510 1818 quodammodo
1549 1729 1758 1807 irasci,
1803 1752 1863 1794 et
1897 1729 2010 1819 ipsi
2049 1751 2224 1819 prae-

139 1851 373 1938 potenti
443 1853 722 1915 omniurn
790 1850 1071 1919 Domino
1141 1855 1356 1922 audeat
1427 1856 1737 1925 reluctari.
1803 1853 2007 1940 Quod
2074 1881 2220 1922 vero

136 2003 299 2045 tanta
354 1984 416 2046 in
462 1980 580 2046 hoc
629 1980 847 2074 Rege,
895 2010 959 2049 ac
1006 2005 1130 2050 tam
1177 1985 1500 2077 singularis
1547 1987 1734 2050 virtus
1789 1985 2095 2063 extiterit,
2153 2007 2223 2050 ut

135 2109 235 2171 vix
287 2133 354 2172 ea
398 2114 587 2192 majus
659 2110 993 2203 quidquam
1066 2108 1264 2203 fingi,
1325 2135 1426 2178 aut
1479 2111 1677 2177 eidem
1726 2136 1830 2204 par
1886 2116 2218 2206 excogitari

135 2260 311 2327 posse
373 2234 689 2314 videatur,
744 2236 1091 2302 laetandum
1140 2240 1377 2329 potiuS,
1441 2262 1624 2330 quam
1672 2236 2008 2306 dolendum
2057 2238 2218 2307 arbi-

135 2386 299 2444 tror,
353 2391 541 2459 quum
577 2367 819 2432 divinae
878 2370 1084 2460 pietati
1135 2370 1329 2433 visum
1380 2365 1564 2434 fuerit
1625 2394 1763 2433 eum
1836 2394 2217 2461 quantocyus

135 2497 307 2583 regni
360 2497 629 2562 mortalis
678 2501 947 2578 exuviis,
1009 2524 1116 2565 seu
1185 2502 1385 2592 potius
1431 2502 1700 2591 speciosa
1748 2502 1859 2567 ista
1919 2499 2219 2568 humanae

138 2623 581 2712 magnitudinis
650 2623 838 2690 veluti
911 2627 1142 2690 sarcina
1211 2622 1533 2692 liberatum
1596 2651 1669 2690 eo
1742 2651 1980 2706 secum,
2050 2627 2219 2720 quod

134 2768 482 2834 speramUS,
547 2754 883 2835 adducere,
962 2753 1063 2820 ubi
1143 2754 1518 2831 immortali,
1601 2781 1666 2820 ac
1725 2779 1870 2821 vero
1943 2752 2219 2822 beatissi-

136 2897 269 2942 mae
323 2884 544 2971 quietis
596 2908 790 2974 regno
845 2881 1177 2950 frueretur.

287 3004 358 3071 In
393 3006 505 3074 hac
539 3034 681 3076 vero
725 3011 983 3077 texenda
1023 3013 1352 3097 justissima
1400 3011 1748 3081 laudatione
1796 3016 2049 3080 minime
2099 3040 2213 3083 nos

133 3129 175 3195 ii
224 3156 476 3218 sumuS,
530 3143 636 3233 qui
688 3167 758 3209 ea
809 3145 1057 3224 omnia,
1110 3166 1263 3235 quae
1308 3141 1861 3215 LUDOVICUS
1915 3167 2044 3212 tum
2098 3169 2210 3237 pro
