2419 3595
1144 60 1241 123 24

144 188 278 234 tum
339 165 675 249 exciperet,
749 183 810 227 et
871 188 1052 256 quem
1121 183 1444 257 perpetuae
1496 189 1632 229 suae
1694 189 1833 230 cum
1896 162 2222 232 Catholica

141 292 406 358 Ecclesia
458 292 957 375 conjunctionis,
1020 318 1088 356 ac
1148 295 1609 357 communionis
1676 313 1892 358 testem
1961 292 2217 361 adhibe-

143 438 270 497 ret,
329 421 611 484 accersit.
674 416 841 485 Cum
896 418 1123 483 doloris
1166 444 1236 483 ex
1285 417 1501 483 morbo
1545 417 1842 510 quaedam
1882 417 2071 483 veluti
2127 415 2221 483 fa-

141 573 234 613 ces
286 524 506 611 eidem·
554 546 1068 624 admoverentur,
1138 567 1199 612 et
1240 546 1404 609 idem
1442 600 1461 623 ,
1506 571 1696 636 quem
1732 545 2089 623 advocarat,
2147 544 2222 611 ad

146 677 554 739 constantiam
606 672 977 740 Dominicae
1013 677 1226 738 mortis
1264 675 1544 765 exemplo
1598 679 1922 753 excitaret,
1969 700 2085 766 ego
2119 698 2223 737 ve-

142 822 247 874 10,
311 803 558 891 inquit,
622 797 818 878 facio,
883 802 1068 893 idque
1117 799 1197 866 ob
1251 801 1457 866 oculos
1509 801 1664 867 mihi
1726 823 2019 895 perpetuo
2087 829 2216 867 ver-

139 950 328 994 satur.
400 928 571 994 Tum
613 956 711 1006 ea,
756 956 907 1022 quae
968 950 1103 1022 post
1161 951 1422 994 mortem
1456 955 1631 1017 *suam
1688 928 1816 995 fieri
1870 928 2089 1005 vellet,
2142 929 2217 992 de

138 1054 370 1147 Regno
433 1058 743 1148 disponit,
803 1082 984 1153 atque
1043 1063 1127 1125 ita
1184 1060 1501 1150 disponit,
1562 1078 1630 1123 ut
1700 1060 2048 1150 Augustum
2112 1056 2213 1122 Fi-

141 1183 290 1249 lium
344 1206 526 1276 prout
599 1186 964 1276 dignitatiS,
1029 1213 1093 1251 ac
1148 1188 1366 1277 sceptri
1431 1183 1749 1251 haeredem
1813 1182 2218 1260 instituebat,

140 1312 226 1375 ita
265 1314 333 1376 in
390 1316 657 1403 pietate,
720 1338 787 1376 ac
848 1312 1147 1404 religione
1205 1335 1453 1404 paterna
1512 1340 1905 1380 successorem
1970 1336 2223 1408 exopta-

144 1460 274 1519 ret,
327 1439 637 1531 Augustae
684 1466 828 1505 vero
876 1439 1155 1533 Conjugi
1205 1468 1324 1507 una
1379 1466 1515 1507 cum
1564 1440 1804 1534 publica
1864 1468 2059 1508 rerum
2114 1444 2222 1509 ad-

143 1570 595 1636 ministratione
646 1576 896 1638 enixum
953 1576 1035 1637 rei
1094 1573 1339 1638 divinae
1380 1571 1692 1649 studium,
1747 1597 1811 1633 ac
1867 1591 2217 1662 perpetuam

136 1701 203 1762 in
253 1702 557 1791 proposita
606 1703 966 1765 rectissimae
1013 1703 1169 1764 vitae
1231 1699 1679 1766 consuetudine
1742 1697 2098 1766 firmitatem
2147 1705 2218 1767 in

140 1824 438 1889 mandatis
498 1826 901 1920 relinqueret.
965 1825 1227 1911 Quanta
1279 1855 1476 1897 autem
1536 1836 1760 1924 pietate
1816 1833 2089 1899 salutaria
2139 1830 2216 1897 il-

138 1948 229 2027 la,
293 1972 474 2044 atque
531 1972 796 2022 extrema
850 1959 1145 2026 Ecclesiae
1209 1961 1467 2029 subsidia
1519 1970 1809 2058 receperit
1863 1992 2001 2030 cum
2059 1963 2217 2028 mul-

138 2095 272 2156 tOS,
332 2085 438 2172 qui
485 2085 864 2168 interfuere,
931 2113 1063 2157 tum
1112 2098 1311 2159 virum
1374 2097 1722 2185 praesertim
1781 2092 2215 2184 amplissimum

143 2205 691 2305 Archiepiscopum
747 2216 1173 2283 Florentinum
1231 2241 1446 2284 testem
1511 2219 1728 2285 habere
1780 2245 2051 2311 possem,
2109 2222 2218 2310 qui

138 2358 248 2402 tuo
300 2366 547 2432 quoque
594 2345 891 2420 nomine,
937 2366 998 2408 et
1050 2350 1451 2424 auctoritate,
1499 2344 2030 2413 BEATISSIME
2070 2345 2215 2411 PA-

138 2462 366 2543 TER,
441 2467 642 2531 eidem
709 2493 778 2532 ex
846 2468 956 2536 hac
1023 2474 1146 2538 vita
1219 2478 1511 2566 migranti
1587 2475 1780 2542 fausta
1849 2479 2060 2541 omnia
2127 2496 2217 2541 est

140 2591 524 2682 adprecatuS.
585 2593 792 2685 Atque
834 2599 920 2661 ita
959 2625 1059 2691 spe
1113 2598 1347 2669 futurae
1402 2604 1705 2671 beatitatis
1760 2627 2027 2684 erectus,
2079 2602 2214 2696 plu-

141 2722 308 2785 rimis
372 2724 798 2801 constantiae,
852 2721 1038 2803 fidei,
1085 2733 1288 2793 omnis
1341 2735 1577 2821 generis
1627 2737 1927 2798 virtutum
1991 2757 2214 2797 monu-

143 2850 364 2910 mentis
424 2870 562 2938 post
616 2876 674 2914 se
728 2851 951 2917 relictis
1001 2852 1554 2926 LUDOVICUS
1600 2857 1646 2926 Ῑ.
1691 2859 2020 2924 Hetruriae
2078 2856 2212 2923 Rex

141 2996 213 3036 ex
265 2974 532 3053 cadum,
583 3001 648 3040 ac
684 2977 926 3042 mortali
982 2977 1210 3073 Regno
1254 2984 1327 3048 ad
1380 2989 1818 3077 sempiternum
1847 3038 1863 3064 ,
1911 3007 1971 3050 et
2018 2984 2211 3049 caele-

141 3119 227 3165 ste
251 3154 269 3181 ,
323 3105 492 3196 quod
541 3105 911 3173 confidimus
935 3161 952 3187 ,
1018 3110 1285 3177 evolavit
1308 3163 1320 3177 .
