2419 3595
1192 50 1290 108 17

201 151 328 216 ces!
395 145 464 216 O
504 170 947 241 praeposteram
1002 147 1328 216 laetitiam!
1376 149 1444 217 O
1488 175 1685 216 rerum
1730 150 2133 219 humanarum
2175 156 2273 220 in-

199 298 425 340 certam
480 302 755 367 semper,
821 297 1000 369 atque
1073 275 1400 342 infaustam
1469 278 1931 344 conditionem!
2001 276 2268 361 Quanto

199 427 396 470 autern
461 427 734 468 moerore
784 399 968 467 funus
1034 406 1265 494 regium
1323 403 1608 469 homines
1673 430 2071 497 prosequutos
2133 429 2268 470 tan-

200 529 337 594 dem
379 523 820 612 judicabimus,
870 531 976 619 qui
1011 554 1338 620 paucorum
1386 531 1625 595 dierum
1670 531 2036 597 desiderium
2077 556 2270 623 aequo

199 660 406 721 animo
477 653 630 721 ferre
698 680 825 721 non
899 657 1256 748 potuerint?
1332 656 1527 742 Cujus
1600 659 1848 749 quidem
1920 681 2276 749 argumenta

201 786 352 849 adeo
413 782 751 861 luculenta,
812 808 876 847 ac
935 782 1252 850 flexanima
1312 789 1689 863 extiterunt,
1749 810 1816 851 ut
1873 811 1946 851 ex
2011 783 2273 859 dolore,

203 938 383 1004 quem
430 935 499 975 ex
545 933 738 975 morte
782 912 966 1002 ipsius
1028 939 1430 1006 acceperunt,
1500 942 1678 1009 quam
1737 913 1919 982 fuerit
1980 912 2270 979 omnibus

200 1044 264 1105 in
309 1044 427 1105 vita
472 1035 774 1123 jucundus
824 1034 1192 1128 patefactum
1251 1046 1360 1109 sit.

346 1166 433 1233 At
491 1190 676 1231 nemo
733 1161 1010 1257 profecto
1072 1169 1242 1259 quod
1286 1173 1369 1236 ita
1428 1167 1613 1237 fuerit
1682 1168 2272 1239 LUDOVICUM

201 1297 492 1364 Hetruria
555 1294 865 1386 complexa
932 1294 1289 1377 mirabitur,
1360 1301 1468 1390 qui
1519 1299 1592 1364 ad
1644 1298 1772 1364 illas
1840 1300 2029 1364 animi
2095 1297 2268 1362 dotes

200 1425 519 1519 paullisper
562 1421 873 1498 attendat,
924 1446 1075 1512 quae
1121 1445 1322 1488 tantos
1371 1426 1486 1514 ipsi
1522 1448 1775 1488 suorum
1824 1448 2061 1489 amores
2109 1449 2266 1490 con-

201 1549 516 1617 ciliabant.
580 1548 678 1616 Ac
728 1548 881 1614 mihi
929 1549 1180 1641 quidem
1223 1549 1409 1641 longe
1458 1576 1489 1614 a
1525 1555 1682 1634 justa
1730 1574 1925 1615 rerum
1990 1554 2275 1619 aestima-

202 1685 370 1749 tione
413 1680 681 1748 aberrare
726 1682 1009 1747 videntur
1053 1684 1137 1761 ii,
1182 1683 1287 1774 qui
1327 1682 1412 1745 sic
1445 1681 1779 1771 opinantur
1807 1729 1825 1756 ,
1869 1681 1950 1741 rei
2001 1678 2275 1745 militaris

202 1812 448 1902 peritia,
501 1834 560 1875 et
585 1808 814 1874 bellicis
866 1807 1040 1875 rebus
1074 1812 1302 1902 gestiS,
1347 1809 1488 1875 Viri
1542 1808 1842 1900 Principis
1898 1807 2271 1900 magnitudi-

202 1961 343 2002 nem
401 1939 755 2029 praecipue,
812 1961 992 2028 atque
1048 1937 1199 2002 adeo
1246 1942 1424 2003 unice
1468 1940 1824 2016 contineri,
1890 1959 1955 2002 ut
2009 1937 2121 2000 nisi
2174 1929 2267 1998 fa·

201 2081 296 2130 cta
342 2070 468 2149 ejus
533 2064 801 2157 obstrepi
848 2065 1110 2130 clamore
1175 2067 1479 2145 militum,
1535 2092 1594 2132 et
1645 2065 1926 2132 tubarum
1987 2066 2274 2157 clangore

200 2194 481 2273 audiant,
546 2198 642 2259 vix
692 2195 876 2261 ullam
921 2220 1129 2260 eorum
1179 2196 1480 2260 rationem
1542 2194 1805 2271 ducant,
1850 2217 2001 2284 quae
2048 2192 2120 2258 ad
2171 2218 2276 2285 pa-

201 2319 433 2386 cificam
481 2325 651 2414 regni
696 2323 1323 2401 administrationem,
1377 2347 1435 2388 et
1481 2322 1848 2415 populorum
1896 2324 1960 2386 in
2006 2323 2136 2386 otio
2179 2322 2277 2386 in-

204 2449 617 2515 columitatem
670 2450 958 2516 tuendam
1000 2452 1345 2540 pertinent.
1407 2450 1544 2515 Nos
1598 2476 1743 2515 veto
1787 2452 1869 2516 ita
1921 2473 2275 2528 teneamu3‚

202 2602 371 2643 suam
423 2602 581 2656 esse,
642 2601 700 2643 et
759 2577 921 2643 illam
958 2578 1228 2671 >quidem
1284 2607 1410 2647 non
1455 2583 1833 2648 mediocrem
1886 2580 2120 2646 laudem
2166 2578 2278 2642 tri-

203 2699 509 2767 buendam
565 2706 674 2782 iis,
729 2730 993 2795 quorum
1050 2730 1283 2773 nomen
1327 2711 1633 2789 victoriiS,
1695 2735 1755 2777 et
1805 2706 2128 2800 triumphis
2175 2708 2271 2770 in-

204 2831 457 2915 claruit,
499 2859 706 2900 verum
753 2837 952 2902 studia
1005 2841 1199 2928 paciS,
1242 2862 1301 2906 et
1356 2837 1629 2906 humano
1676 2842 1884 2932 generi
1929 2838 2112 2925 longe
2153 2837 2275 2898 uti-

203 2959 387 3038 liora,
438 2987 536 3041 et,
584 2969 1036 3057 comparatione
1070 2970 1179 3033 tite
1229 2969 1545 3047 instituta,
1596 2992 1784 3060 aeque
1835 2961 2135 3040 difficilia,
2184 2960 2277 3025 vel

205 3093 539 3172 majorem,
608 3090 701 3155 vel
756 3116 884 3157 non
933 3090 1135 3159 multo
1187 3115 1346 3158 certe
1399 3090 1802 3170 inferiorem,
1862 3114 2046 3183 quam
2101 3085 2277 3152 belli-

1617 3241 1636 3266 c
