2419 3595
1211 105 1299 147 21

350 203 486 271 Jam
541 204 614 270 ad
665 204 814 271 illud
869 203 1155 288 festinat,
1210 234 1270 275 et
1318 213 1381 274 in
1431 234 1503 275 eo
1545 207 1732 275 veluti
1770 210 1995 278 exultat
2047 214 2280 291 oratio,

214 332 379 424 quod
433 358 492 397 et
537 332 655 397 loci
706 331 928 417 hujuS,
994 358 1053 400 et
1108 337 1340 435 aurium
1401 359 1684 415 tuarum,
1753 336 2282 407 BEATISSIME

212 456 557 538 PATER,
608 464 970 541 sanctitate,
1031 485 1091 529 et
1142 487 1430 528 consessu
1492 484 1700 540 tant0,
1766 486 1827 529 et
1880 488 2092 530 nostro
2146 493 2282 533 mu-

211 612 354 652 nere
400 591 659 654 maxime
702 591 964 682 dignum
1008 591 1286 674 videtur,
1346 592 1498 657 illud
1552 592 1742 672 dict),
1804 596 1972 686 quod
2018 600 2079 662 in
2123 598 2279 666 LU-

210 713 587 785 DOVICO
638 720 829 785 inerat
885 717 1272 787 Christianae
1316 722 1588 812 pietatiS,
1630 744 1691 786 et
1740 719 2097 791 Catholicae
2150 728 2279 797 Re-

211 840 460 931 ligionis
512 846 824 914 studium.
886 845 1081 933 Cujus
1130 846 1408 942 profecto
1451 874 1650 931 tanta,
1696 876 1816 919 tam
1873 857 2101 936 multa,
2157 884 2279 927 tam

206 969 534 1059 singularia
593 974 865 1065 exempla
925 997 1057 1043 tum
1119 983 1388 1071 privata,
1466 1006 1596 1049 tum
1663 982 1903 1076 publica
1968 993 2094 1071 ejus
2158 993 2280 1056 vita

207 1098 597 1189 suppeditat,
663 1125 729 1167 ut
802 1127 1003 1197 neque
1053 1110 1368 1197 angus-tiae
1429 1106 1607 1195 hujus
1675 1116 2001 1205 temporiS,
2079 1141 2278 1210 neque

206 1249 418 1292 eorum
473 1224 783 1296 celebritas
839 1256 968 1297 non
1021 1233 1217 1297 dicam
1265 1238 1537 1301 oratione
1578 1237 1983 1330 amplificare,
2046 1249 2149 1312 sed
2202 1276 2278 1315 ne

208 1358 590 1421 numerando
654 1359 903 1450 quidem
971 1386 1320 1452 percensere
1386 1364 1592 1432 eadem
1657 1369 1992 1457 patiantur.
2067 1370 2277 1464 Itaque

201 1480 320 1548 hoc
375 1486 428 1548 ei
471 1486 533 1548 in
589 1509 759 1550 more
811 1489 1078 1576 positum
1133 1486 1323 1554 fuisse
1373 1492 1633 1569 scimuS,
1702 1517 1767 1558 ut
1826 1493 2039 1562 Deum
2084 1497 2277 1591 Opti-

200 1634 373 1674 mum
440 1610 790 1677 Maximum
844 1638 973 1679 non
1037 1617 1226 1683 modo
1289 1621 1568 1699 caritate,
1622 1646 1687 1686 ac
1738 1625 1942 1690 studio
2009 1630 2275 1720 quodam

202 1738 658 1830 religiosissimo
712 1742 839 1830 ipse
883 1741 1147 1823 coleret,
1210 1771 1420 1811 verum
1474 1771 1533 1813 et
1575 1748 1703 1815 aliis
1760 1752 2006 1819 colendi
2066 1782 2277 1824 auctor

201 1893 392 1936 esset.
451 1869 705 1935 Nullam
760 1896 884 1937 rem
939 1875 1143 1965 paullo
1195 1880 1537 1968 graviorem
1588 1877 1991 1970 suscipiebat,
2060 1884 2124 1947 in
2158 1908 2277 1974 qua

201 2020 331 2061 non
378 1999 566 2064 modo
612 2004 732 2065 suis
777 2005 903 2091 ipse
947 2001 1224 2094 precibus
1265 2008 1526 2095 supremi
1582 2004 1879 2071 Numinis
1921 2032 2100 2098 opem
2141 2033 2273 2074 non

201 2129 592 2221 imploraret,
654 2133 758 2197 sed
821 2132 986 2198 illam
1053 2133 1261 2224 populi
1334 2158 1584 2224 quoque
1651 2135 1857 2211 votiS,
1919 2137 1981 2199 in
2046 2134 2269 2227 quibus

199 2261 522 2322 maximam
591 2257 890 2324 collocare
936 2257 1217 2325 fiduciam
1262 2256 1621 2338 videbatur,
1682 2284 1809 2325 non
1871 2265 2269 2331 commenda-

198 2408 320 2451 ret.
363 2382 575 2476 Itaque
620 2411 758 2451 cum
803 2390 865 2451 in
915 2413 987 2452 eo
1041 2410 1230 2466 esset,
1278 2412 1344 2454 ut
1395 2386 1870 2480 Hispaniensem
1915 2392 2089 2458 illum
2135 2420 2270 2461 cur-

197 2536 333 2577 sum
389 2509 625 2594 obiret,
686 2538 826 2577 cum
888 2512 1083 2580 morbi
1149 2520 1345 2607 pueris
1399 2517 1758 2610 plerumque
1810 2520 2109 2588 mortiferi
2164 2553 2268 2618 pe-

196 2639 453 2704 riculum
506 2637 579 2704 ab
641 2638 912 2730 Augusti
973 2643 1108 2707 Filii
1175 2669 1426 2736 corpore
1488 2644 1936 2739 deprecandum
1998 2678 2264 2739 curaret3

197 2792 337 2832 curn
382 2769 493 2835 alia
536 2774 843 2856 ejusmodi
895 2771 1201 2866 quaelibet
1258 2774 1729 2865 aggrederetur,
1794 2776 2265 2867 supplicationes

194 2917 487 2985 perpetuo
540 2898 896 2965 indicendas
953 2903 1220 2991 putavit.
1285 2898 1525 2966 Tantae
1582 2927 1725 2966 vero
1778 2899 1896 2967 fuit
1949 2904 2259 2995 religionis

193 3023 323 3101 vir,
386 3045 452 3088 ut
495 3049 634 3089 cum
680 3025 755 3091 de
800 3026 1000 3119 aliqua
1051 3053 1110 3093 re
1150 3024 1310 3095 foret
1358 3032 1413 3095 ei
1466 3029 1964 3112 deliberandum,
2035 3034 2097 3098 id
2140 3030 2261 3098 fre-

193 3150 409 3236 quenti
475 3175 760 3219 sermone
798 3178 1153 3247 usurparet,
1228 3181 1287 3221 se
1327 3155 1481 3221 velle
1525 3159 1830 3247 primum,
1889 3181 1948 3223 et
2001 3160 2262 3223 maxime
