<?xml version="1.0" encoding="UTF-8"?>
<!DOCTYPE html PUBLIC "-//W3C//DTD XHTML 1.0 Transitional//EN"
    "http://www.w3.org/TR/xhtml1/DTD/xhtml1-transitional.dtd">
<html xmlns="http://www.w3.org/1999/xhtml" xml:lang="en" lang="en">
 <head>
  <title>
</title>
<meta http-equiv="Content-Type" content="text/html;charset=utf-8" />
  <meta name='ocr-system' content='tesseract 3.04.00' />
  <meta name='ocr-capabilities' content='ocr_page ocr_carea ocr_par ocr_line ocrx_word'/>
</head>
<body>
  <div class='ocr_page' id='page_1' title='image "./laudatioinfunere00catt_0025.png"; bbox 0 0 2419 3595; ppageno 0'>
   <div class='ocr_carea' id='block_1_1' title="bbox 238 64 2306 271">
    <p class='ocr_par' dir='ltr' id='par_1_1' title="bbox 238 64 2306 271">
     <span class='ocr_line' id='line_1_1' title="bbox 1235 64 1322 125; baseline 0.011 -1"><span class='ocrx_word' id='word_1_1' title='bbox 1235 64 1322 125; x_wconf 71' lang='lat'>23</span> 
     </span>
     <span class='ocr_line' id='line_1_2' title="bbox 238 160 2306 271; baseline 0.014 -52"><span class='ocrx_word' id='word_1_2' title='bbox 238 176 359 221; x_wconf 83' lang='lat' dir='ltr'>tam</span> <span class='ocrx_word' id='word_1_3' title='bbox 438 160 901 243; x_wconf 68' lang='lat' dir='ltr'>auctoritatem,</span> <span class='ocrx_word' id='word_1_4' title='bbox 966 164 1146 228; x_wconf 87' lang='lat' dir='ltr'>mitto</span> <span class='ocrx_word' id='word_1_5' title='bbox 1209 171 1604 236; x_wconf 85' lang='lat' dir='ltr'>reverentiam</span> <span class='ocrx_word' id='word_1_6' title='bbox 1667 174 1730 239; x_wconf 89' lang='lat' dir='ltr'>in</span> <span class='ocrx_word' id='word_1_7' title='bbox 1795 200 1940 255; x_wconf 65' lang='grc' dir='ltr'>ρος,</span> <span class='ocrx_word' id='word_1_8' title='bbox 2011 179 2117 271; x_wconf 90' lang='lat' dir='ltr'>qui</span> <span class='ocrx_word' id='word_1_9' title='bbox 2186 179 2306 247; x_wconf 77' lang='lat' dir='ltr'>Ec-</span> 
     </span>
    </p>
   </div>
   <div class='ocr_carea' id='block_1_2' title="bbox 212 285 2302 2057">
    <p class='ocr_par' dir='ltr' id='par_1_2' title="bbox 229 285 2302 772">
     <span class='ocr_line' id='line_1_3' title="bbox 236 285 2302 393; baseline 0.014 -45"><span class='ocrx_word' id='word_1_10' title='bbox 236 285 470 352; x_wconf 89' lang='lat' dir='ltr'>clesiam</span> <span class='ocrx_word' id='word_1_11' title='bbox 534 288 805 353; x_wconf 88' lang='lat' dir='ltr'>divinam</span> <span class='ocrx_word' id='word_1_12' title='bbox 885 290 1165 379; x_wconf 83' lang='lat' dir='ltr'>peculiari</span> <span class='ocrx_word' id='word_1_13' title='bbox 1256 295 1558 385; x_wconf 80' lang='lat' dir='ltr'>quadam,</span> <span class='ocrx_word' id='word_1_14' title='bbox 1620 322 1681 364; x_wconf 92' lang='lat' dir='ltr'>et</span> <span class='ocrx_word' id='word_1_15' title='bbox 1755 326 1999 393; x_wconf 88' lang='lat' dir='ltr'>augusta</span> <span class='ocrx_word' id='word_1_16' title='bbox 2071 312 2302 376; x_wconf 86' lang='lat' dir='ltr'>ratione</span> 
     </span>
     <span class='ocr_line' id='line_1_4' title="bbox 236 409 2301 517; baseline 0.013 -40"><span class='ocrx_word' id='word_1_17' title='bbox 236 409 567 490; x_wconf 83' lang='lat' dir='ltr'>referrent,</span> <span class='ocrx_word' id='word_1_18' title='bbox 620 416 742 503; x_wconf 89' lang='lat' dir='ltr'>ipsa</span> <span class='ocrx_word' id='word_1_19' title='bbox 802 416 1068 484; x_wconf 87' lang='lat' dir='ltr'>militum</span> <span class='ocrx_word' id='word_1_20' title='bbox 1114 423 1284 512; x_wconf 85' lang='lat' dir='ltr'>signa</span> <span class='ocrx_word' id='word_1_21' title='bbox 1347 425 1626 517; x_wconf 78' lang='lat' dir='ltr'>religioni</span> <span class='ocrx_word' id='word_1_22' title='bbox 1683 456 2062 515; x_wconf 86' lang='lat' dir='ltr'>consecrata,</span> <span class='ocrx_word' id='word_1_23' title='bbox 2125 437 2301 503; x_wconf 90' lang='lat' dir='ltr'>deni-</span> 
     </span>
     <span class='ocr_line' id='line_1_5' title="bbox 230 537 2297 632; baseline 0.015 -29"><span class='ocrx_word' id='word_1_24' title='bbox 230 564 350 630; x_wconf 89' lang='lat' dir='ltr'>que</span> <span class='ocrx_word' id='word_1_25' title='bbox 410 537 574 607; x_wconf 86' lang='lat' dir='ltr'>festis</span> <span class='ocrx_word' id='word_1_26' title='bbox 626 541 836 611; x_wconf 89' lang='lat' dir='ltr'>diebus</span> <span class='ocrx_word' id='word_1_27' title='bbox 891 547 1347 631; x_wconf 81' lang='lat' dir='ltr'>celebritatem,</span> <span class='ocrx_word' id='word_1_28' title='bbox 1409 581 1473 620; x_wconf 89' lang='lat' dir='ltr'>ac</span> <span class='ocrx_word' id='word_1_29' title='bbox 1527 558 1977 630; x_wconf 83' lang='lat' dir='ltr'>solemnitatem</span> <span class='ocrx_word' id='word_1_30' title='bbox 2033 591 2160 632; x_wconf 87' lang='lat' dir='ltr'>non</span> <span class='ocrx_word' id='word_1_31' title='bbox 2212 567 2297 632; x_wconf 88' lang='lat' dir='ltr'>le-</span> 
     </span>
     <span class='ocr_line' id='line_1_6' title="bbox 229 673 1963 772; baseline 0.013 -36"><span class='ocrx_word' id='word_1_32' title='bbox 229 694 304 762; x_wconf 85' lang='lat' dir='ltr'>ge</span> <span class='ocrx_word' id='word_1_33' title='bbox 349 694 623 751; x_wconf 86' lang='lat' dir='ltr'>tantum,</span> <span class='ocrx_word' id='word_1_34' title='bbox 680 673 778 739; x_wconf 91' lang='lat' dir='ltr'>sed</span> <span class='ocrx_word' id='word_1_35' title='bbox 834 680 1117 766; x_wconf 88' lang='lat' dir='ltr'>exemplo</span> <span class='ocrx_word' id='word_1_36' title='bbox 1173 704 1421 772; x_wconf 90' lang='lat' dir='ltr'>quoque</span> <span class='ocrx_word' id='word_1_37' title='bbox 1477 685 1963 757; x_wconf 85' lang='lat' dir='ltr'>constabilitam.</span> 
     </span>
    </p>

    <p class='ocr_par' dir='ltr' id='par_1_3' title="bbox 212 799 2298 2057">
     <span class='ocr_line' id='line_1_7' title="bbox 371 799 2297 913; baseline 0.012 -49"><span class='ocrx_word' id='word_1_38' title='bbox 371 799 558 866; x_wconf 88' lang='lat' dir='ltr'>Hunc</span> <span class='ocrx_word' id='word_1_39' title='bbox 611 800 711 866; x_wconf 90' lang='lat' dir='ltr'>ille</span> <span class='ocrx_word' id='word_1_40' title='bbox 754 805 1069 883; x_wconf 87' lang='lat' dir='ltr'>animum,</span> <span class='ocrx_word' id='word_1_41' title='bbox 1131 833 1311 898; x_wconf 88' lang='lat' dir='ltr'>quem</span> <span class='ocrx_word' id='word_1_42' title='bbox 1363 813 1424 874; x_wconf 90' lang='lat' dir='ltr'>in</span> <span class='ocrx_word' id='word_1_43' title='bbox 1477 818 1649 880; x_wconf 88' lang='lat' dir='ltr'>omni</span> <span class='ocrx_word' id='word_1_44' title='bbox 1700 840 1836 906; x_wconf 89' lang='lat' dir='ltr'>prae</span> <span class='ocrx_word' id='word_1_45' title='bbox 1887 843 1945 883; x_wconf 92' lang='lat' dir='ltr'>se</span> <span class='ocrx_word' id='word_1_46' title='bbox 1993 821 2116 885; x_wconf 88' lang='lat' dir='ltr'>vita</span> <span class='ocrx_word' id='word_1_47' title='bbox 2163 846 2297 913; x_wconf 88' lang='lat' dir='ltr'>ges-</span> 
     </span>
     <span class='ocr_line' id='line_1_8' title="bbox 225 929 2293 1036; baseline 0.013 -46"><span class='ocrx_word' id='word_1_48' title='bbox 225 930 334 1006; x_wconf 88' lang='lat' dir='ltr'>sit,</span> <span class='ocrx_word' id='word_1_49' title='bbox 399 952 715 1021; x_wconf 89' lang='lat' dir='ltr'>nunquam</span> <span class='ocrx_word' id='word_1_50' title='bbox 769 929 1037 1010; x_wconf 86' lang='lat' dir='ltr'>inflexit,</span> <span class='ocrx_word' id='word_1_51' title='bbox 1100 954 1162 998; x_wconf 91' lang='lat' dir='ltr'>et</span> <span class='ocrx_word' id='word_1_52' title='bbox 1209 938 1271 1001; x_wconf 89' lang='lat' dir='ltr'>in</span> <span class='ocrx_word' id='word_1_53' title='bbox 1319 962 1515 1006; x_wconf 90' lang='lat' dir='ltr'>morte</span> <span class='ocrx_word' id='word_1_54' title='bbox 1566 941 1832 1036; x_wconf 91' lang='lat' dir='ltr'>denique</span> <span class='ocrx_word' id='word_1_55' title='bbox 1883 953 2293 1016; x_wconf 83' lang='lat' dir='ltr'>constantissi-</span> 
     </span>
     <span class='ocr_line' id='line_1_9' title="bbox 223 1055 2298 1163; baseline 0.01 -43"><span class='ocrx_word' id='word_1_56' title='bbox 223 1080 356 1135; x_wconf 89' lang='lat' dir='ltr'>me,</span> <span class='ocrx_word' id='word_1_57' title='bbox 403 1055 996 1150; x_wconf 84' lang='lat' dir='ltr'>luculentissimeque</span> <span class='ocrx_word' id='word_1_58' title='bbox 1045 1058 1457 1133; x_wconf 86' lang='lat' dir='ltr'>confirmavit.</span> <span class='ocrx_word' id='word_1_59' title='bbox 1498 1066 1747 1150; x_wconf 88' lang='lat' dir='ltr'>Veteri,</span> <span class='ocrx_word' id='word_1_60' title='bbox 1793 1098 1919 1163; x_wconf 93' lang='lat' dir='ltr'>quo</span> <span class='ocrx_word' id='word_1_61' title='bbox 1953 1072 2298 1155; x_wconf 84' lang='lat' dir='ltr'>laborabat,</span> 
     </span>
     <span class='ocr_line' id='line_1_10' title="bbox 223 1182 2293 1293; baseline 0.009 -43"><span class='ocrx_word' id='word_1_62' title='bbox 223 1182 442 1251; x_wconf 86' lang='lat' dir='ltr'>morbo</span> <span class='ocrx_word' id='word_1_63' title='bbox 504 1188 988 1277; x_wconf 84' lang='lat' dir='ltr'>ingravescente,</span> <span class='ocrx_word' id='word_1_64' title='bbox 1046 1210 1105 1252; x_wconf 92' lang='lat' dir='ltr'>et</span> <span class='ocrx_word' id='word_1_65' title='bbox 1167 1192 1231 1254; x_wconf 90' lang='lat' dir='ltr'>in</span> <span class='ocrx_word' id='word_1_66' title='bbox 1292 1215 1525 1259; x_wconf 90' lang='lat' dir='ltr'>novum</span> <span class='ocrx_word' id='word_1_67' title='bbox 1583 1202 2019 1265; x_wconf 88' lang='lat' dir='ltr'>atrocissimum</span> <span class='ocrx_word' id='word_1_68' title='bbox 2088 1204 2293 1293; x_wconf 90' lang='lat' dir='ltr'>impli-</span> 
     </span>
     <span class='ocr_line' id='line_1_11' title="bbox 221 1315 2290 1395; baseline 0.008 -16"><span class='ocrx_word' id='word_1_69' title='bbox 221 1315 371 1379; x_wconf 86' lang='lat' dir='ltr'>citus</span> <span class='ocrx_word' id='word_1_70' title='bbox 422 1317 602 1380; x_wconf 88' lang='lat' dir='ltr'>sensit</span> <span class='ocrx_word' id='word_1_71' title='bbox 650 1317 910 1380; x_wconf 89' lang='lat' dir='ltr'>nimium</span> <span class='ocrx_word' id='word_1_72' title='bbox 961 1319 1034 1383; x_wconf 87' lang='lat' dir='ltr'>ad</span> <span class='ocrx_word' id='word_1_73' title='bbox 1096 1322 1369 1387; x_wconf 84' lang='lat' dir='ltr'>ultimam</span> <span class='ocrx_word' id='word_1_74' title='bbox 1429 1326 1581 1390; x_wconf 87' lang='lat' dir='ltr'>vitae</span> <span class='ocrx_word' id='word_1_75' title='bbox 1636 1352 1857 1394; x_wconf 89' lang='lat' dir='ltr'>metam</span> <span class='ocrx_word' id='word_1_76' title='bbox 1912 1332 1974 1394; x_wconf 89' lang='lat' dir='ltr'>in</span> <span class='ocrx_word' id='word_1_77' title='bbox 2030 1330 2290 1395; x_wconf 90' lang='lat' dir='ltr'>dimidio</span> 
     </span>
     <span class='ocr_line' id='line_1_12' title="bbox 220 1441 2287 1548; baseline 0.01 -43"><span class='ocrx_word' id='word_1_78' title='bbox 220 1441 453 1506; x_wconf 87' lang='lat' dir='ltr'>dierum</span> <span class='ocrx_word' id='word_1_79' title='bbox 499 1468 725 1534; x_wconf 87' lang='lat' dir='ltr'>aeque,</span> <span class='ocrx_word' id='word_1_80' title='bbox 772 1470 834 1509; x_wconf 90' lang='lat' dir='ltr'>ac</span> <span class='ocrx_word' id='word_1_81' title='bbox 869 1447 998 1536; x_wconf 89' lang='lat' dir='ltr'>pius</span> <span class='ocrx_word' id='word_1_82' title='bbox 1033 1446 1133 1512; x_wconf 92' lang='lat' dir='ltr'>ille</span> <span class='ocrx_word' id='word_1_83' title='bbox 1189 1448 1509 1531; x_wconf 76' lang='lat' dir='ltr'>EzechiaS,</span> <span class='ocrx_word' id='word_1_84' title='bbox 1551 1479 1610 1520; x_wconf 88' lang='lat' dir='ltr'>se</span> <span class='ocrx_word' id='word_1_85' title='bbox 1656 1460 1999 1548; x_wconf 81' lang='lat' dir='ltr'>pertigisse.</span> <span class='ocrx_word' id='word_1_86' title='bbox 2062 1456 2287 1525; x_wconf 87' lang='lat' dir='ltr'>Aderat</span> 
     </span>
     <span class='ocr_line' id='line_1_13' title="bbox 222 1569 2290 1663; baseline 0.008 -27"><span class='ocrx_word' id='word_1_87' title='bbox 222 1569 497 1663; x_wconf 82' lang='lat' dir='ltr'>Augusta</span> <span class='ocrx_word' id='word_1_88' title='bbox 549 1571 836 1658; x_wconf 85' lang='lat' dir='ltr'>Conjux‚</span> <span class='ocrx_word' id='word_1_89' title='bbox 885 1580 1051 1660; x_wconf 87' lang='lat' dir='ltr'>cujus</span> <span class='ocrx_word' id='word_1_90' title='bbox 1107 1602 1246 1641; x_wconf 91' lang='lat' dir='ltr'>cum</span> <span class='ocrx_word' id='word_1_91' title='bbox 1298 1603 1564 1645; x_wconf 86' lang='lat' dir='ltr'>summus</span> <span class='ocrx_word' id='word_1_92' title='bbox 1610 1606 1779 1648; x_wconf 88' lang='lat' dir='ltr'>amor</span> <span class='ocrx_word' id='word_1_93' title='bbox 1824 1587 1890 1648; x_wconf 87' lang='lat' dir='ltr'>in</span> <span class='ocrx_word' id='word_1_94' title='bbox 1944 1589 2119 1651; x_wconf 87' lang='lat' dir='ltr'>omni</span> <span class='ocrx_word' id='word_1_95' title='bbox 2171 1591 2290 1653; x_wconf 89' lang='lat' dir='ltr'>vita</span> 
     </span>
     <span class='ocr_line' id='line_1_14' title="bbox 214 1701 2285 1791; baseline 0.007 -27"><span class='ocrx_word' id='word_1_96' title='bbox 214 1726 354 1791; x_wconf 83' lang='lat' dir='ltr'>erga</span> <span class='ocrx_word' id='word_1_97' title='bbox 406 1701 633 1767; x_wconf 90' lang='lat' dir='ltr'>Virum</span> <span class='ocrx_word' id='word_1_98' title='bbox 675 1707 985 1785; x_wconf 84' lang='lat' dir='ltr'>extiterat,</span> <span class='ocrx_word' id='word_1_99' title='bbox 1026 1710 1110 1772; x_wconf 87' lang='lat' dir='ltr'>ita</span> <span class='ocrx_word' id='word_1_100' title='bbox 1148 1732 1414 1774; x_wconf 86' lang='lat' dir='ltr'>summus</span> <span class='ocrx_word' id='word_1_101' title='bbox 1438 1733 1507 1774; x_wconf 87' lang='lat' dir='ltr'>ex</span> <span class='ocrx_word' id='word_1_102' title='bbox 1537 1733 1732 1775; x_wconf 86' lang='lat' dir='ltr'>morte</span> <span class='ocrx_word' id='word_1_103' title='bbox 1772 1710 1843 1775; x_wconf 87' lang='lat' dir='ltr'>ad</span> <span class='ocrx_word' id='word_1_104' title='bbox 1887 1736 2012 1776; x_wconf 87' lang='lat' dir='ltr'>eam</span> <span class='ocrx_word' id='word_1_105' title='bbox 2045 1737 2285 1780; x_wconf 88' lang='lat' dir='ltr'>moeror</span> 
     </span>
     <span class='ocr_line' id='line_1_15' title="bbox 213 1827 2284 1931; baseline 0.007 -39"><span class='ocrx_word' id='word_1_106' title='bbox 213 1827 634 1916; x_wconf 87' lang='lat' dir='ltr'>perveniebat.</span> <span class='ocrx_word' id='word_1_107' title='bbox 673 1827 905 1897; x_wconf 82' lang='lat' dir='ltr'>Aderat</span> <span class='ocrx_word' id='word_1_108' title='bbox 948 1829 1259 1922; x_wconf 85' lang='lat' dir='ltr'>Augustus</span> <span class='ocrx_word' id='word_1_109' title='bbox 1284 1833 1467 1899; x_wconf 89' lang='lat' dir='ltr'>Filius</span> <span class='ocrx_word' id='word_1_110' title='bbox 1496 1838 1909 1916; x_wconf 83' lang='lat' dir='ltr'>suavissimus,</span> <span class='ocrx_word' id='word_1_111' title='bbox 1944 1842 2050 1929; x_wconf 88' lang='lat' dir='ltr'>qui</span> <span class='ocrx_word' id='word_1_112' title='bbox 2085 1845 2284 1931; x_wconf 85' lang='lat' dir='ltr'>proxi-</span> 
     </span>
     <span class='ocr_line' id='line_1_16' title="bbox 212 1951 2281 2057; baseline 0.009 -39"><span class='ocrx_word' id='word_1_113' title='bbox 212 1977 343 2018; x_wconf 84' lang='lat' dir='ltr'>mae</span> <span class='ocrx_word' id='word_1_114' title='bbox 390 1951 702 2031; x_wconf 79' lang='lat' dir='ltr'>orbitatiS,</span> <span class='ocrx_word' id='word_1_115' title='bbox 757 1982 1125 2049; x_wconf 85' lang='lat' dir='ltr'>quamquam</span> <span class='ocrx_word' id='word_1_116' title='bbox 1168 1987 1233 2026; x_wconf 86' lang='lat' dir='ltr'>ea</span> <span class='ocrx_word' id='word_1_117' title='bbox 1276 1985 1466 2027; x_wconf 80' lang='lat' dir='ltr'>aetate</span> <span class='ocrx_word' id='word_1_118' title='bbox 1527 1959 1722 2043; x_wconf 87' lang='lat' dir='ltr'>foret,</span> <span class='ocrx_word' id='word_1_119' title='bbox 1763 1965 2024 2057; x_wconf 85' lang='lat' dir='ltr'>aliquam</span> <span class='ocrx_word' id='word_1_120' title='bbox 2079 1990 2281 2036; x_wconf 88' lang='lat' dir='ltr'>tamen</span> 
     </span>
    </p>
   </div>
   <div class='ocr_carea' id='block_1_3' title="bbox 207 2081 2280 2179">
    <p class='ocr_par' dir='ltr' id='par_1_4' title="bbox 207 2081 2280 2179">
     <span class='ocr_line' id='line_1_17' title="bbox 207 2081 2280 2179; baseline 0.008 -35"><span class='ocrx_word' id='word_1_121' title='bbox 207 2083 276 2145; x_wconf 89' lang='lat' dir='ltr'>in</span> <span class='ocrx_word' id='word_1_122' title='bbox 330 2084 647 2146; x_wconf 86' lang='lat' dir='ltr'>communi</span> <span class='ocrx_word' id='word_1_123' title='bbox 693 2081 861 2147; x_wconf 89' lang='lat' dir='ltr'>luctu</span> <span class='ocrx_word' id='word_1_124' title='bbox 901 2087 1343 2150; x_wconf 88' lang='lat' dir='ltr'>conscientiam</span> <span class='ocrx_word' id='word_1_125' title='bbox 1390 2112 1525 2177; x_wconf 82' lang='lat' dir='ltr'>prae</span> <span class='ocrx_word' id='word_1_126' title='bbox 1568 2114 1624 2153; x_wconf 89' lang='lat' dir='ltr'>se</span> <span class='ocrx_word' id='word_1_127' title='bbox 1669 2089 1945 2179; x_wconf 84' lang='lat' dir='ltr'>lacrymis</span> <span class='ocrx_word' id='word_1_128' title='bbox 1994 2089 2149 2158; x_wconf 86' lang='lat' dir='ltr'>ferre</span> <span class='ocrx_word' id='word_1_129' title='bbox 2191 2098 2280 2160; x_wconf 89' lang='lat' dir='ltr'>vi-</span> 
     </span>
    </p>
   </div>
   <div class='ocr_carea' id='block_1_4' title="bbox 208 2208 2275 2288">
    <p class='ocr_par' dir='ltr' id='par_1_5' title="bbox 208 2208 2275 2288">
     <span class='ocr_line' id='line_1_18' title="bbox 208 2208 2275 2288; baseline 0.007 -14"><span class='ocrx_word' id='word_1_130' title='bbox 208 2209 498 2276; x_wconf 88' lang='lat' dir='ltr'>debatur.</span> <span class='ocrx_word' id='word_1_131' title='bbox 564 2208 747 2276; x_wconf 85' lang='lat' dir='ltr'>Unus</span> <span class='ocrx_word' id='word_1_132' title='bbox 790 2215 948 2279; x_wconf 89' lang='lat' dir='ltr'>inter</span> <span class='ocrx_word' id='word_1_133' title='bbox 1005 2240 1218 2281; x_wconf 88' lang='lat' dir='ltr'>omnes</span> <span class='ocrx_word' id='word_1_134' title='bbox 1280 2215 1831 2286; x_wconf 84' lang='lat' dir='ltr'><strong>LUDOVICUS</strong></span> <span class='ocrx_word' id='word_1_135' title='bbox 1878 2245 1946 2285; x_wconf 88' lang='lat' dir='ltr'>ea</span> <span class='ocrx_word' id='word_1_136' title='bbox 1987 2245 2275 2288; x_wconf 90' lang='lat' dir='ltr'>constan-</span> 
     </span>
    </p>
   </div>
   <div class='ocr_carea' id='block_1_5' title="bbox 204 2336 2353 3072">
    <p class='ocr_par' dir='ltr' id='par_1_6' title="bbox 204 2336 2353 3072">
     <span class='ocr_line' id='line_1_19' title="bbox 209 2336 2272 2447; baseline 0.009 -46"><span class='ocrx_word' id='word_1_137' title='bbox 209 2342 329 2416; x_wconf 86' lang='lat' dir='ltr'>tia,</span> <span class='ocrx_word' id='word_1_138' title='bbox 385 2364 450 2403; x_wconf 88' lang='lat' dir='ltr'>ac</span> <span class='ocrx_word' id='word_1_139' title='bbox 493 2336 777 2406; x_wconf 83' lang='lat' dir='ltr'>firmitate</span> <span class='ocrx_word' id='word_1_140' title='bbox 823 2365 983 2421; x_wconf 87' lang='lat' dir='ltr'>erat,</span> <span class='ocrx_word' id='word_1_141' title='bbox 1040 2367 1107 2410; x_wconf 93' lang='lat' dir='ltr'>ut</span> <span class='ocrx_word' id='word_1_142' title='bbox 1155 2370 1296 2410; x_wconf 89' lang='lat' dir='ltr'>eum</span> <span class='ocrx_word' id='word_1_143' title='bbox 1342 2371 1466 2413; x_wconf 91' lang='lat' dir='ltr'>non</span> <span class='ocrx_word' id='word_1_144' title='bbox 1513 2346 1643 2415; x_wconf 89' lang='lat' dir='ltr'>fato</span> <span class='ocrx_word' id='word_1_145' title='bbox 1687 2351 1938 2447; x_wconf 82' lang='lat' dir='ltr'>cedere,</span> <span class='ocrx_word' id='word_1_146' title='bbox 1992 2353 2090 2418; x_wconf 91' lang='lat' dir='ltr'>sed</span> <span class='ocrx_word' id='word_1_147' title='bbox 2135 2354 2272 2444; x_wconf 79' lang='lat' dir='ltr'>glo·</span> 
     </span>
     <span class='ocr_line' id='line_1_20' title="bbox 207 2458 2353 2567; baseline 0.007 -38"><span class='ocrx_word' id='word_1_148' title='bbox 207 2469 433 2530; x_wconf 83' lang='lat' dir='ltr'>riosum</span> <span class='ocrx_word' id='word_1_149' title='bbox 493 2468 691 2555; x_wconf 87' lang='lat' dir='ltr'>potius</span> <span class='ocrx_word' id='word_1_150' title='bbox 742 2466 818 2532; x_wconf 91' lang='lat' dir='ltr'>de</span> <span class='ocrx_word' id='word_1_151' title='bbox 864 2468 1229 2536; x_wconf 87' lang='lat' dir='ltr'>mortalitate</span> <span class='ocrx_word' id='word_1_152' title='bbox 1291 2472 1670 2565; x_wconf 87' lang='lat' dir='ltr'>triumphum</span> <span class='ocrx_word' id='word_1_153' title='bbox 1738 2458 2268 2567; x_wconf 58' lang='lat' dir='ltr'>agere‘existima-</span> <span class='ocrx_word' id='word_1_154' title='bbox 2350 2560 2353 2563; x_wconf 78' lang='lat'>.</span> 
     </span>
     <span class='ocr_line' id='line_1_21' title="bbox 206 2590 2270 2690; baseline 0.009 -37"><span class='ocrx_word' id='word_1_155' title='bbox 206 2613 332 2656; x_wconf 79' lang='lat' dir='ltr'>tes,</span> <span class='ocrx_word' id='word_1_156' title='bbox 404 2590 668 2657; x_wconf 89' lang='lat' dir='ltr'>Perinde</span> <span class='ocrx_word' id='word_1_157' title='bbox 726 2619 794 2658; x_wconf 89' lang='lat' dir='ltr'>ac</span> <span class='ocrx_word' id='word_1_158' title='bbox 838 2598 884 2659; x_wconf 89' lang='lat' dir='ltr'>si</span> <span class='ocrx_word' id='word_1_159' title='bbox 949 2599 1197 2675; x_wconf 90' lang='lat' dir='ltr'>omnia,</span> <span class='ocrx_word' id='word_1_160' title='bbox 1272 2624 1425 2689; x_wconf 89' lang='lat' dir='ltr'>quae</span> <span class='ocrx_word' id='word_1_161' title='bbox 1489 2604 1779 2690; x_wconf 88' lang='lat' dir='ltr'>superiori</span> <span class='ocrx_word' id='word_1_162' title='bbox 1845 2606 1964 2668; x_wconf 89' lang='lat' dir='ltr'>vita</span> <span class='ocrx_word' id='word_1_163' title='bbox 2027 2604 2270 2673; x_wconf 86' lang='lat' dir='ltr'>dederat</span> 
     </span>
     <span class='ocr_line' id='line_1_22' title="bbox 208 2720 2263 2813; baseline 0.006 -29"><span class='ocrx_word' id='word_1_164' title='bbox 208 2746 341 2785; x_wconf 90' lang='lat' dir='ltr'>suae</span> <span class='ocrx_word' id='word_1_165' title='bbox 386 2723 453 2785; x_wconf 87' lang='lat' dir='ltr'>in</span> <span class='ocrx_word' id='word_1_166' title='bbox 501 2720 926 2813; x_wconf 87' lang='lat' dir='ltr'>Apostolicam</span> <span class='ocrx_word' id='word_1_167' title='bbox 986 2724 1143 2790; x_wconf 82' lang='lat' dir='ltr'>hanc</span> <span class='ocrx_word' id='word_1_168' title='bbox 1205 2723 1425 2792; x_wconf 87' lang='lat' dir='ltr'>Sedem</span> <span class='ocrx_word' id='word_1_169' title='bbox 1471 2749 1675 2806; x_wconf 90' lang='lat' dir='ltr'>tuam,</span> <span class='ocrx_word' id='word_1_170' title='bbox 1734 2726 2263 2797; x_wconf 83' lang='lat' dir='ltr'>BEATISSIME</span> 
     </span>
     <span class='ocr_line' id='line_1_23' title="bbox 205 2844 2263 2938; baseline 0.006 -27"><span class='ocrx_word' id='word_1_171' title='bbox 205 2844 551 2925; x_wconf 85' lang='lat' dir='ltr'>PATER,</span> <span class='ocrx_word' id='word_1_172' title='bbox 615 2846 1035 2917; x_wconf 87' lang='lat' dir='ltr'>observantiae</span> <span class='ocrx_word' id='word_1_173' title='bbox 1094 2856 1452 2919; x_wconf 86' lang='lat' dir='ltr'>testimonia</span> <span class='ocrx_word' id='word_1_174' title='bbox 1512 2859 1649 2920; x_wconf 86' lang='lat' dir='ltr'>satis</span> <span class='ocrx_word' id='word_1_175' title='bbox 1711 2861 1969 2922; x_wconf 84' lang='lat' dir='ltr'>minime</span> <span class='ocrx_word' id='word_1_176' title='bbox 2017 2854 2263 2938; x_wconf 87' lang='lat' dir='ltr'>forent,</span> 
     </span>
     <span class='ocr_line' id='line_1_24' title="bbox 204 2970 2264 3072; baseline 0.006 -35"><span class='ocrx_word' id='word_1_177' title='bbox 204 2970 522 3040; x_wconf 89' lang='lat' dir='ltr'>Nuncium</span> <span class='ocrx_word' id='word_1_178' title='bbox 571 2997 745 3042; x_wconf 87' lang='lat' dir='ltr'>tuum</span> <span class='ocrx_word' id='word_1_179' title='bbox 791 2978 1259 3072; x_wconf 88' lang='lat' dir='ltr'>Apostolicum,</span> <span class='ocrx_word' id='word_1_180' title='bbox 1302 2983 1497 3046; x_wconf 85' lang='lat' dir='ltr'>virum</span> <span class='ocrx_word' id='word_1_181' title='bbox 1548 2982 1937 3071; x_wconf 88' lang='lat' dir='ltr'>lectissimum</span> <span class='ocrx_word' id='word_1_182' title='bbox 1964 3033 1982 3060; x_wconf 90' lang='lat'>,</span> <span class='ocrx_word' id='word_1_183' title='bbox 2014 2979 2264 3049; x_wconf 86' lang='lat' dir='ltr'>Theba-</span> 
     </span>
    </p>
   </div>
   <div class='ocr_carea' id='block_1_6' title="bbox 203 3099 2259 3200">
    <p class='ocr_par' dir='ltr' id='par_1_7' title="bbox 203 3099 2259 3200">
     <span class='ocr_line' id='line_1_25' title="bbox 203 3099 2259 3200; baseline 0.006 -38"><span class='ocrx_word' id='word_1_184' title='bbox 203 3121 351 3164; x_wconf 88' lang='lat' dir='ltr'>num</span> <span class='ocrx_word' id='word_1_185' title='bbox 402 3099 816 3187; x_wconf 89' lang='lat' dir='ltr'>Antistitem,</span> <span class='ocrx_word' id='word_1_186' title='bbox 876 3111 984 3199; x_wconf 87' lang='lat' dir='ltr'>qui</span> <span class='ocrx_word' id='word_1_187' title='bbox 1028 3128 1089 3173; x_wconf 90' lang='lat' dir='ltr'>et</span> <span class='ocrx_word' id='word_1_188' title='bbox 1134 3110 1259 3200; x_wconf 86' lang='lat' dir='ltr'>ipse</span> <span class='ocrx_word' id='word_1_189' title='bbox 1320 3128 1654 3175; x_wconf 86' lang='lat' dir='ltr'>extremum</span> <span class='ocrx_word' id='word_1_190' title='bbox 1712 3111 2030 3173; x_wconf 87' lang='lat' dir='ltr'>morientis</span> <span class='ocrx_word' id='word_1_191' title='bbox 2085 3112 2259 3200; x_wconf 88' lang='lat' dir='ltr'>spiri-</span> 
     </span>
    </p>
   </div>
  </div>
 </body>
</html>
