2419 3595
1111 51 1207 116 18

113 213 206 253 cas
254 207 405 251 artes
463 181 581 248 sibi
637 180 896 274 gloriam
958 179 1304 245 vindicate.
1376 174 1575 261 Cujus
1633 176 1887 269 quidem
1949 184 2188 270 generis

112 313 275 380 nulla
329 311 438 377 dos
488 333 616 389 est,
678 308 833 374 nihil
887 335 1144 390 eorum,
1207 335 1358 401 quae
1403 312 1465 374 in
1512 335 1800 388 summO,
1866 337 1931 376 ac
1989 309 2190 405 perfe-

113 462 212 503 cto
286 437 655 530 populorum
723 439 1105 505 moderatore
1166 445 1603 534 requiruntur,
1668 443 1838 534 quod
1904 446 1968 507 in
2032 441 2192 508 LU-

118 564 528 644 DOVICO,
592 588 652 632 et
704 567 954 656 quidem
1008 567 1179 632 valde
1243 571 1542 634 eminenti
1593 570 1786 658 gradu
1843 596 1970 635 non
2028 575 2192 636 ines-

108 719 234 760 set.
288 694 592 759 Facilitate
628 689 745 756 fuit
779 714 979 771 tanta,
1027 714 1093 757 ut
1135 717 1315 784 quem
1363 700 1637 778 majestas
1682 694 2032 788 Principem
2069 698 2190 762 Vi-

109 846 283 901 rum,
327 819 518 911 qualis
565 844 697 885 vere
738 844 891 899 erat,
955 825 1169 915 ignaro
1236 830 1426 891 cuivis
1493 831 1694 920 primo
1735 833 1938 895 statim
1979 830 2193 919 adspe-

104 970 207 1012 ctu
259 946 581 1037 proderet,
639 948 923 1014 eumdem
968 950 1196 1016 infimis
1254 956 1317 1019 in
1381 955 1548 1022 aditu
1621 984 2016 1025 communem
2081 984 2187 1050 pu-

107 1097 292 1139 tares.
345 1073 749 1175 Humanitate
782 1101 925 1141 vero
962 1084 1087 1162 ejus
1132 1078 1286 1145 nibil
1331 1079 1482 1173 fingi
1519 1091 1709 1168 majus
1755 1111 1997 1178 potest,
2047 1114 2186 1153 cum

107 1203 388 1265 omnium
454 1201 818 1269 calamitates
868 1230 1000 1271 suas
1055 1208 1338 1290 duceret,
1411 1236 1470 1278 et
1521 1215 1596 1280 ad
1640 1218 1912 1307 inopiam
1962 1239 2188 1307 egenae

107 1326 523 1393 multitudinis
578 1327 893 1396 levandam
927 1385 946 1413 ,
997 1360 1136 1400 cum
1190 1335 1401 1404 fiscum
1439 1343 1501 1406 in
1537 1341 1803 1433 publicas
1860 1347 2186 1411 necessita-

106 1480 194 1523 tes
255 1481 622 1536 reservaret,
688 1463 987 1550 privatum
1049 1469 1339 1532 aerarium
1400 1467 1775 1537 exhauserit.
1852 1469 2039 1553 Quid
2090 1472 2186 1536 di-

106 1611 236 1652 cam
299 1587 375 1652 de
440 1588 798 1679 prudentia,
869 1616 1020 1682 quae
1088 1617 1303 1685 regum
1374 1596 1777 1676 administra,
1852 1621 1912 1663 et
1976 1623 2183 1663 comes

107 1715 467 1807 quotidiana
514 1739 643 1795 est,
707 1740 775 1783 ut
821 1717 1062 1785 nullum
1118 1724 1249 1786 sine
1290 1748 1356 1787 ea
1404 1726 1733 1816 vestigium
1781 1747 1916 1790 tuto
1968 1724 2188 1790 iisdem

109 1840 301 1909 facere
335 1844 552 1910 liceat?
602 1842 789 1927 Quid
813 1846 1137 1931 dejustitia
1184 1873 1378 1927 recta,
1420 1852 1713 1943 inquam,
1761 1851 1897 1930 illa,
1949 1876 2006 1918 et
2033 1876 2185 1917 con-

102 1976 288 2038 stanti
351 1975 663 2042 voluntate
737 1977 1030 2043 reddendi
1104 1982 1325 2070 cuique
1396 2004 1616 2057 suum,
1678 2003 1757 2056 ‚et
1825 1978 1996 2045 nullo
2068 1977 2186 2044 ho-

103 2102 342 2165 minum
406 2106 675 2193 ipsorum
741 2103 906 2171 facto
968 2106 1362 2185 discrimine,
1434 2130 1672 2172 tantum
1724 2132 1834 2199 pro
1888 2114 2182 2199 cujusque

104 2229 168 2291 in
238 2226 673 2318 rempublicam
759 2235 1108 2322 promeritis
1179 2258 1448 2324 poenas,
1530 2260 1590 2302 er
1663 2238 1923 2329 praemia
1983 2235 2188 2301 distri-

107 2350 392 2421 buendi?
471 2357 822 2451 Utramque
899 2385 1083 2451 porro
1155 2386 1457 2428 summam
1532 2366 1595 2428 in
1671 2360 2183 2430 LUDOVICO

106 2477 294 2545 fuisse
334 2504 462 2546 tum
508 2508 578 2547 ex
631 2485 746 2562 iis,
793 2509 945 2575 quae
992 2488 1215 2577 passim
1259 2486 1525 2566 diceret,
1572 2510 1701 2553 tum
1748 2513 1818 2553 ex
1860 2490 1971 2566 iis,
2029 2511 2182 2580 quae

107 2609 343 2700 semper
385 2635 629 2702 ageret,
693 2636 824 2678 tum
880 2639 950 2679 ex
994 2613 1247 2680 aliorum
1299 2639 1623 2693 sermone,
1689 2639 1819 2682 tum
1879 2640 1949 2680 ex
2003 2611 2178 2680 rebus

109 2732 182 2798 ab
231 2738 366 2827 ipso
409 2741 593 2828 gestis
645 2742 940 2830 cognosci
1001 2763 1240 2831 potest.

247 2862 360 2943 Iis,
424 2866 528 2956 qui
575 2867 638 2929 in
695 2890 933 2931 summa
988 2892 1186 2933 rerum
1241 2889 1538 2958 potestate
1587 2894 1619 2932 a
1662 2866 1807 2932 Deo
1856 2870 2177 2934 constituti

107 3014 286 3070 sunt,
350 2996 661 3072 universa,
706 3018 857 3085 quae
890 2994 962 3060 ad
1006 2992 1310 3088 publicam
1359 2994 1950 3060 administrationem
1998 2994 2180 3086 perti-

106 3139 291 3196 nent,
339 3144 443 3211 per
476 3146 538 3187 se
572 3145 810 3190 tantum
853 3150 1026 3216 agere
1072 3125 1167 3193 vel
1205 3128 1512 3218 integrum
1557 3127 1817 3191 omnino
1873 3148 1999 3188 non
2041 3142 2176 3194 est,
