2419 3595
1142 78 1193 135 ό

120 223 697 310 laudationem
794 217 1398 301 lucubrandam
1447 274 1470 309 ,
1567 245 1650 301 et
1724 214 2195 301 habendam

118 383 682 471 demandasti.
745 384 942 466 Fuit
1003 384 1150 465 tibi
1209 413 1400 464 cum
1466 385 1799 495 optimo
1856 383 2046 470 illo,
2109 412 2197 462 ac

116 550 833 662 praestantissimo
878 550 1120 657 Rege
1166 575 1493 627 summa
1545 550 1808 628 animi
1857 555 2199 650 conjuff

120 715 324 793 ctio.
382 713 577 796 Nec
626 717 857 793 enim
896 721 1200 800 virtus,
1250 741 1338 791 ac
1373 708 1697 792 bonitas
1744 734 2080 793 tantum
2114 709 2199 790 il-

116 876 321 963 lius,
377 902 593 986 quae
648 898 934 956 tamen
993 878 1161 986 ipsa
1208 874 1296 952 in
1350 874 1648 953 animis
1707 869 2197 983 copulandis

114 1033 585 1148 plurimum
634 1035 899 1125 valet,
959 1037 1105 1117 tibi
1155 1031 1597 1115 bominem
1662 1035 2198 1123 conciliabat,

115 1194 261 1279 sed
324 1220 407 1277 et
467 1226 558 1276 ea
617 1197 1201 1287 necessitudo,
1266 1227 1483 1310 quae
1543 1229 1732 1280 cum
1802 1199 2197 1311 amplissi-

113 1388 312 1446 mo,
367 1361 662 1472 tuique
737 1357 1483 1442 observantissimo
1556 1363 1776 1445 illius
1836 1366 2195 1445 Parente

114 1515 659 1607 interfuerat,
713 1522 1022 1604 Filium
1069 1554 1418 1641 quoque
1470 1526 1989 1606 carissimum
2036 1520 2200 1603 effi·

115 1680 419 1764 ciebat.
497 1678 756 1794 Qod
816 1684 883 1762 si
930 1714 1140 1798 quos
1203 1687 1446 1767 vivos
1496 1684 2004 1775 dileximus,
2064 1716 2199 1768 eo-

114 1873 301 1925 rum
381 1841 1028 1927 demortuorum
1109 1851 1615 1928 memoriam
1682 1849 1959 1930 colere
2028 1879 2198 1930 ma-

116 2008 346 2085 xime
433 2029 876 2116 optamus,
965 2032 1047 2090 et
1128 2007 1664 2098 laboramus,
1770 2035 2189 2127 quantum

114 2187 305 2248 tuae
343 2171 432 2248 in
470 2199 605 2249 me
662 2169 1125 2251 voluntatis
1185 2173 1779 2253 testimonium
1841 2171 2196 2262 dedisti,

114 2336 344 2433 cujus
404 2361 743 2444 operam
799 2339 887 2415 in
936 2336 1344 2417 luctuosis
1395 2336 1874 2415 amicissimi
1934 2337 2195 2445 Regis

110 2494 487 2580 laudibus
522 2499 1040 2582 celebrandis
1071 2499 1502 2609 delegisti?
1552 2498 1886 2580 Verum
1924 2525 2190 2612 quum

112 2658 325 2738 mibi
375 2660 463 2741 id
516 2667 891 2746 muneris
948 2655 1703 2745 transmittendum
1759 2655 2195 2760 judicasti,

114 2816 634 2906 haerendum
658 2880 678 2912 ,
713 2855 802 2906 ac
833 2820 1479 2906 deliberandum
1511 2816 1675 2902 fuit
1704 2815 1954 2908 mihi,
1999 2849 2196 2936 qua-

118 3014 314 3067 nam
382 2994 704 3073 ratione
753 2992 878 3072 illi
927 2984 1528 3072 satisfacerem.
1608 2986 1689 3064 Si
1768 2984 2001 3064 enim
2068 2978 2191 3060 di-

117 3150 515 3259 ligentius
591 3185 682 3235 ea
749 3150 1089 3238 fuissem
1166 3171 1725 3267 persequutus
1807 3148 2189 3228 oratione
