2419 3595
1219 95 1306 161 ¹9

227 200 319 265 vel
375 196 742 263 laboriosum
797 197 1100 275 maxime,
1140 220 1201 263 et
1244 196 1651 288 periculosum
1696 222 1826 265 esse
1870 198 2064 266 solet.
2127 196 2300 264 Hinc

230 327 610 417 praecipuaS,
678 347 739 388 et
803 326 1106 414 graviores
1170 343 1409 388 tantum
1480 348 1566 388 res
1642 349 1746 415 per
1805 350 1870 390 se
1927 328 2087 417 ipsos
2155 329 2296 393 viris

227 452 600 547 principibus
653 453 934 544 expedire
982 479 1340 519 concessum
1374 479 1500 531 est,
1566 458 1630 520 in
1691 459 1937 521 caeteris
2001 453 2300 521 subsidia-

225 584 373 646 riam
417 580 673 662 aliorum
726 604 967 670 operam
1030 575 1355 657 adhibere,
1419 582 1964 673 auctoritatemque
2025 581 2298 670 delegare

225 738 396 781 suam
453 710 700 776 eosdem
758 732 1037 802 oportet,
1091 732 1157 773 ut
1208 710 1256 772 is
1309 707 1559 774 demum
1623 732 1874 799 regnare
1926 711 2297 803 sapientissi—

225 866 364 919 me,
406 865 670 933 suosque
712 838 1092 905 beatissimos
1128 861 1422 931 praestare
1472 863 1824 918 censeatur,
1870 841 1975 931 qui
2018 840 2082 901 in
2127 835 2299 919 adju-

227 965 504 1049 toribus,
575 996 635 1036 et
687 968 1075 1062 participibus
1131 995 1410 1035 curarum
1471 993 1887 1061 supremarum
1952 963 2297 1056 deligendis

228 1099 486 1165 consilio
543 1102 843 1180 maxime,
904 1124 964 1166 et
1017 1102 1248 1166 ratione
1293 1098 1580 1164 ducatur.
1634 1097 1760 1163 Hic
1814 1120 1962 1187 ergo
2014 1119 2114 1159 eos
2168 1115 2298 1157 am-

227 1228 573 1319 plissimOS,
630 1229 1222 1319 honestissimosque
1291 1230 1449 1292 viros
1522 1223 1639 1291 sibi
1702 1228 2014 1290 ministros
2078 1221 2298 1301 adjun-

223 1358 352 1433 xit,
412 1382 676 1448 quorum
737 1383 924 1424 nemo
987 1357 1226 1422 muneri
1281 1379 1392 1419 suo
1453 1350 1778 1444 fungendo
1839 1376 1966 1416 non
2028 1352 2297 1442 apprime

225 1485 481 1550 idoneus
542 1487 859 1565 existeret,
923 1508 1076 1575 quos
1118 1509 1149 1547 a
1193 1506 1289 1546 me
1332 1482 1677 1573 praesertim
1736 1503 1854 1545 tarn
1906 1477 2131 1542 multos
2183 1500 2298 1540 no-

226 1615 439 1678 minari
480 1611 761 1706 profecto
807 1638 936 1678 non
974 1636 1064 1678 est
1111 1634 1391 1687 necesse,
1437 1633 1577 1674 cum
1618 1610 1743 1699 ipsa
1780 1609 1919 1671 satis
1963 1626 2297 1669 ornamen-

226 1767 427 1808 torum
480 1767 727 1807 suorum
781 1741 914 1805 luce
958 1740 1148 1803 cuivis
1205 1731 1520 1802 manifesti
1559 1737 1719 1801 sint.
1784 1733 1855 1798 In
1908 1730 2144 1825 legibus
2189 1731 2297 1795 de-

224 1870 414 1960 nique
466 1866 777 1948 ferendis,
838 1868 1007 1961 quod
1065 1870 1324 1932 maxime
1389 1889 1663 1931 summae
1727 1865 2099 1929 auctoritatis
2167 1884 2297 1940 est,

228 1998 289 2062 id
343 2003 468 2090 egit
517 2024 809 2092 perpetuo
856 1991 1451 2071 LUDOVICUS,
1507 2015 1572 2057 ut
1625 2016 1826 2082 neque
1877 2013 2079 2054 earum
2135 1986 2297 2052 mul-

225 2126 490 2192 titudine
540 2151 680 2190 suos
743 2123 1067 2200 obrueret,
1139 2142 1338 2210 neque
1402 2115 1734 2182 inutilitate
1791 2116 2131 2182 molestiam
2188 2118 2295 2180 iis-

224 2254 360 2318 dem
418 2251 706 2321 inferret.
765 2253 994 2319 Paucae
1048 2274 1341 2327 numer0,
1386 2246 1726 2338 simpliceS,
1782 2247 2082 2336 sapientes
2141 2242 2293 2308 adeo

223 2386 380 2447 visae
425 2407 569 2449 sunt
609 2381 883 2467 ejusdem
936 2382 1316 2454 sanctiones,
1373 2396 1438 2440 ut
1483 2372 1708 2438 nullam
1756 2394 1956 2435 earum
2001 2367 2293 2447 libidine,

221 2511 489 2600 singulas
535 2534 678 2575 vero
727 2509 1081 2575 necessitate
1125 2526 1467 2597 permotum
1503 2500 1787 2567 eumdem
1827 2499 2032 2564 tulisse
2092 2496 2292 2564 homi-

223 2661 328 2703 nes
379 2635 743 2721 judicarint.

368 2758 597 2843 Quid?
654 2760 911 2829 Caetera
957 2761 1098 2840 illa,
1164 2785 1315 2853 quae
1361 2741 1463 2825 vvel
1517 2785 1706 2850 aeque
1770 2758 2099 2824 necessaria
2148 2774 2294 2819 sunt

222 2911 527 2979 sceptrum
575 2888 953 2967 moderanti,
993 2888 1085 2953 vel
1131 2910 1290 2953 certe
1330 2912 1468 2952 eum
1513 2886 1685 2953 valde
1731 2906 2062 2960 exornant,
2106 2905 2287 2972 atque

221 3014 694 3093 commendant,
761 3037 988 3106 quanta
1046 3015 1109 3077 in
1171 3009 1678 3079 LUDOVICO
1738 3007 1924 3075 fuisse
1983 3008 2291 3073 existima-

220 3138 396 3204 mus?
456 3136 835 3206 Commercii
877 3139 1186 3219 studium,
1236 3138 1782 3229 ac-patrocinium,
1839 3133 2181 3226 praesertim
2226 3131 2291 3195 in

1635 3285 1694 3310 ‘52
