2419 3595
1225 65 1278 124 7

211 232 438 290 mea,
498 227 715 317 quae
767 191 872 275 ad
928 195 1253 304 Regiae
1311 190 1795 270 Memoriae
1853 215 2291 273 commen·-

211 362 649 447 dationem
723 362 1097 440 maxime
1167 356 1742 471 pertinerent,
1807 382 1915 434 ne
1974 352 2287 436 Vulnus

213 557 317 610 ex
364 534 537 630 ejus
581 521 1006 606 desiderio
1062 518 1629 607 vehementer
1679 518 2106 600 inflictum
2168 523 2289 601 ni-

213 697 370 773 mis
415 685 937 777 refricarem,
986 710 1525 793 summopere
1573 679 2095 764 metuebam.
2143 683 2286 763 Sin

213 877 494 936 autem
534 906 554 939 ,
610 874 705 932 ut
753 849 844 931 id
903 878 1338 934 caverem,
1396 847 1760 956 parcius,
1819 874 1909 925 ac
1966 869 2289 954 tempe-

213 1018 532 1097 rantius
591 1015 681 1093 in
749 1010 1131 1095 laudibus
1208 1018 1378 1114 ejus
1447 1005 1963 1090 exornandis
2020 1038 2288 1093 Versa—

213 1201 347 1259 tus
412 1204 671 1256 essem
723 1230 746 1263 ,
804 1179 1156 1279 injurius
1214 1178 1636 1262 Nomini,
1718 1205 1809 1256 ac
1889 1174 2292 1286 dignitati

210 1338 835 1422 LUDoVICI
889 1315 1392 1419 emisissem.
1454 1336 1609 1419 sed
1659 1337 1869 1420 iilud
1919 1360 2108 1450 post
2156 1339 2291 1421 au-

210 1529 466 1612 quam
527 1502 791 1579 animi
865 1499 1510 1583 fluctuationem
1587 1497 1935 1582 demum
1999 1531 2289 1586 occurm

214 1667 360 1751 rit,
420 1664 529 1744 ita
591 1690 726 1741 me
786 1658 1072 1741 dicere
1126 1685 1563 1773 oportere,
1638 1684 1732 1742 ut
1787 1689 1894 1741 ne
1946 1670 2290 1747 muneri

212 1829 405 1929 justi
459 1821 909 1906 laudatoris
957 1821 1246 1905 deesse
1305 1821 1685 1912 viderer,
1730 1827 1844 1906 ita
1916 1825 2289 1914 breviter

210 1982 538 2073 dicere,
581 2012 677 2070 ut
724 1987 938 2068 adeo
980 1986 1437 2070 delicatum
1489 1985 1802 2071 doloris
1850 1986 2281 2080 fastidium

212 2152 428 2230 tristi
513 2147 1074 2233 meditatione
1160 2182 1298 2233 me
1376 2158 1709 2263 gravius
1794 2160 2289 2244 exacerbare

212 2344 474 2397 nemo
531 2321 1015 2398 existimare
1056 2344 1373 2429 posset.
1441 2317 1696 2432 Quod
1745 2324 1811 2401 si
1860 2351 2291 2436 assequar,

210 2479 577 2563 laetabor
632 2479 1024 2595 profecto
1056 2512 1191 2563 me
1224 2482 1651 2566 Voluntati
1710 2511 1898 2568 tuae
1959 2515 2286 2568 morem

215 2674 504 2757 gerere
563 2676 741 2729 non
798 2647 1165 2733 voluisse
1229 2670 1609 2736 tantum,
1667 2676 1969 2731 Verum
2033 2652 2287 2728 etiam

217 2810 610 2891 valuisse.
698 2814 838 2892 Sin
905 2816 1186 2893 minus
1255 2809 1345 2891 id
1414 2815 1953 2923 praestitero,
2039 2839 2293 2922 quae-

215 3003 308 3056 so
353 3000 457 3052 ne
521 2970 946 3054 voluntati
1000 2976 1283 3082 potius
1317 3027 1339 3059 ,
1394 3002 1652 3084 quam
1712 2972 2291 3055 mediocritati

218 3166 503 3224 meae,
576 3165 665 3215 ac
723 3140 841 3215 rei
894 3139 1147 3247 ipsius
1210 3131 1792 3245 magnitudini
1851 3131 1937 3215 id
1994 3128 2291 3214 tribua-
