2419 3595
1159 83 1202 147 8

149 235 317 294 tur.
380 212 1028 331 Qualecumque
1072 239 1398 306 autem,
1453 243 1537 299 et
1570 241 2230 335 quantumcum-

142 406 310 493 que
379 384 486 457 sit
560 375 825 464 istud,
911 382 1003 458 in
1076 379 1312 497 quod
1381 386 1605 466 nisus
1680 384 1930 468 valde
2004 415 2231 474 sum>

141 565 236 618 ut
325 538 649 655 aliquid
737 565 1014 630 esset,
1094 543 1528 634 Nomini,
1621 548 2227 660 MaJ'estatique

142 725 330 785 tuae
384 708 930 818 inscriptum,
986 708 1705 792 BEATISSIME
1766 709 2224 797 PATER,

139 886 234 946 ut
263 893 577 979 aequo,
627 865 1174 983 benignoque
1210 873 1500 950 animo
1532 872 1929 980 excipias,
1965 871 2222 948 etiam

138 1051 392 1140 atque
446 1032 697 1111 etiam
759 1029 1174 1140 imploro,
1256 1055 1340 1111 et
1399 1061 1805 1144 exposco,
1873 1034 1980 1112 In
2051 1061 2228 1148 quo

136 1214 229 1272 ut
298 1187 511 1271 nihil
571 1194 675 1272 sit
746 1190 983 1308 quod
1052 1194 1547 1304 probatione
1635 1220 1775 1280 tua
1859 1193 2223 1307 dignum.

146 1358 614 1445 existimes,
690 1358 1078 1437 animum
1112 1380 1339 1438 certe
1401 1386 1847 1476 nunquam
1913 1368 2215 1473 impro-

127 1517 387 1599 babis.
468 1519 800 1600 Habeas
857 1523 1117 1630 igitur
1175 1523 1265 1599 in
1324 1514 1525 1608 hoc,
1601 1542 1686 1602 et
1747 1521 2224 1604 veneratio-

128 1688 258 1766 nis
294 1694 506 1788 ejus,
566 1713 730 1801 qua
781 1684 1128 1786 jussibus
1176 1688 1336 1767 tuis
1382 1682 1964 1798 obtemperare
2021 1715 2219 1769 con-

124 1853 411 1940 suevi,
500 1852 1145 1935 testimonium,
1217 1871 1302 1930 et
1391 1853 1609 1948 ejus,
1682 1877 1848 1965 qua
1909 1853 2070 1932 tuis
2125 1853 2217 1932 in

126 2042 268 2095 me
313 2014 794 2124 promeritis
859 2040 1218 2125 quoquo
1285 2006 1554 2092 modo
1611 2008 2213 2124 respondeam,

122 2174 706 2261 observantiae
783 2199 1453 2260 monumentum
1535 2178 2208 2289 sempiternum.

130 2334 388 2450 Qod
437 2365 477 2413 a
528 2360 612 2418 te
684 2333 893 2417 dum
959 2337 1343 2448 postulo,
1429 2337 1778 2449 supplex
1850 2334 1941 2418 id
2003 2366 2210 2455 quo-

122 2531 290 2618 que
339 2501 717 2614 postulo,
777 2526 872 2586 ut
919 2497 1132 2586 mihi
1190 2501 1538 2613 genibus
1591 2508 1750 2583 tuis
1814 2528 2210 2584 reveren-

123 2691 255 2748 ter
351 2661 765 2748 obvoluto
837 2662 1425 2777 Apostolicam
1523 2686 1752 2745 tuam
1844 2659 2206 2747 Benedi-

122 2834 500 2916 ctionem
559 2828 928 2942 benigne
976 2825 1182 2913 velis
1230 2825 1679 2937 impertiri.
